@online{ideone,
    author = "Sphere Research Labs",
    title = "Ideone --- Online Compiler and IDE",
    url  = "https://ideone.com",
    addendum = "(дата обращения 30.04.2022)",
}

@online{onecompiler,
    author = "One Compiler Pvt. Ltd.",
    title = "OneCompiler --- Write, run and share Assembly code online",
    url = "https://onecompiler.com/assembly",
    addendum = "(дата обращения 30.04.2022)",
}

@online{asmdebugger,
    title = "Assembly Debugger Online",
    url = "http://asmdebugger.com",
    addendum = "(дата обращения 30.04.2022)",
}

@online{davis,
    author = "Jakub Beránek",
    title = "Assembly debugger (x86)",
    url = "https://kobzol.github.io/davis",
    addendum = "(дата обращения 30.04.2022)",
}

@online{onlinegdb,
    title = "Online GCC Assembler --- online editor",
    url = "https://www.onlinegdb.com/online_gcc_assembler",
    addendum = "(дата обращения 30.04.2022)",
}

@online{sasm,
    author = "Dmitriy Manushin",
    title = "SASM --- simple crossplatform IDE for NASM, MASM, GAS, FASM assembly languages",
    url = "https://dman95.github.io/SASM/index.html",
    addendum = "(дата обращения 30.04.2022)",
}

@online{clion,
    author = "JetBrains s.r.o.",
    title = "CLion: A Cross-Platform IDE for C and C++ by JetBrains",
    url = "https://www.jetbrains.com/clion/",
    addendum = "(дата обращения 30.04.2022)",
}

@online{nasmplugin,
    author = "Aidan Khoury",
    title = "NASM Assembly Language --- IntelliJ IDEs Plugin",
    url = "https://plugins.jetbrains.com/plugin/9759-nasm-assembly-language",
    addendum = "(дата обращения 30.04.2022)",
}

@online{edutools,
    author = "JetBrains s.r.o.",
    title = "EduTools --- IntelliJ IDEs Plugin",
    url = "https://plugins.jetbrains.com/plugin/10081-edutools",
    addendum = "(дата обращения 30.04.2022)",
}

@online{githubclassroom,
    author = "GitHub Inc.",
    title = "GitHub Classroom",
    url = "https://classroom.github.com/",
    addendum = "(дата обращения 30.04.2022)",
}

@online{githubclassroomvscode,
    author = "Katherine Kampf",
    title = "Seamless teaching and learning through GitHub Classroom and Visual Studio Code",
    url = "https://github.blog/2021-08-12-teaching-learning-github-classroom-visual-studio-code/",
    addendum = "(дата обращения 30.04.2022)",
}

@online{stepik,
    title = "Общая информация о Stepik --- Справочный центр Stepik",
    url = "https://support.stepik.org/hc/ru/articles/360000172234",
    addendum = "(дата обращения 01.05.2022)",
}

@online{moodle,
    title = "About Moodle --- MoodleDocs",
    url = "https://docs.moodle.org/400/en/About_Moodle",
    addendum = "(дата обращения 01.05.2022)",
}

@online{vpl,
    author = "Juan Carlos Rodríguez-del-Pino",
    title = "VPL --- Virtual Programming Lab --- About",
    url = "https://vpl.dis.ulpgc.es/index.php/about",
    addendum = "(дата обращения 01.05.2022)",
}

@techreport{oauthrfc,
    title = "The OAuth 1.0 Protocol",
    author = "Hammer-Lahav, Eran",
    institution = "Internet Engineering Task Force (IETF)",
    year = "2010",
    month = "4",
}

@techreport{lti,
    title = "IMS Global Learning Tools Interoperability Implementation Guide",
    institution = "IMS Global Learning Consortium Inc.",
    year = "2012",
    month = "3",
}

@techreport{ltioutcomes,
    title = "Learning Tools Interoperability Basic Outcomes",
    institution = "IMS Global Learning Consortium Inc.",
    year = "2019",
    month = "5",
}

@book{gdb,
    title = "Debugging with GDB",
    author = "Stallman, Richard and Pesch, Roland and Shebs, Stan and others",
    year = "2022",
    publisher = "Free Software Foundation",
}

@book{fluentpython,
    title={Fluent Python: Clear, concise, and effective programming},
    author={Ramalho, Luciano},
    year={2015},
    publisher={O'Reilly Media, Inc.}
}

@techreport{websocketrfc,
    title = "The WebSocket Protocol",
    author = "Fette, Ian and Melnikov, Alexey",
    institution = "Internet Engineering Task Force (IETF)",
    year = "2011",
    month = "12",
}

@manual{arduinouno,
    title = "Arduino UNO R3 Product Reference Manual",
    organization = "Arduino S.r.l.",
    year = "2021",
    month = "6",
}

@book{gcc,
    title={Using the GNU Compiler Collection},
    author={Stallman, Richard M and others},
    publisher={Free Software Foundation},
    year={2022},
}

@online{dockerlimits,
    url = "https://docs.docker.com/config/containers/resource_constraints/",
    title = "Runtime options with Memory, CPUs, and GPUs // Docker Documentation",
    addendum = "(дата обращения 02.05.2022)",
}

@manual{setrlimit,
    title = "setrlimit(2) Linux Programmer's Manual",
    year = "2021",
    month = "3",
    edition = "5.13",
}

@manual{seccomp,
    title = "seccomp(2) Linux Programmer's Manual",
    year = "2021",
    month = "8",
    edition = "5.13",
}

@online{gdbstub,
    title = "GDB usage --- QEMU 7.0.50 documentation",
    url = "https://qemu.readthedocs.io/en/latest/system/gdb.html",
    addendum = "(дата обращения 02.05.2022)",
}

@manual{atmega328p,
    title = "ATmega328P Datasheet",
    organization = "Atmel Corporation",
    year = "2015",
}

@online{pythonlti,
    url = "https://pypi.org/project/lti/",
    title = "lti --- PyPI",
    author = "Ryan Hiebert",
    addendum = "(дата обращения 02.05.2022)",
}

@online{websocketcompat,
    url = "https://developer.mozilla.org/en-US/docs/Web/API/WebSocket#browser_compatibility",
    title = "WebSocket --- Web APIs | MDN",
    addendum = "(дата обращения 05.05.2022)",
}

@online{yasp,
    url = "https://yasp.me/",
    title = "Yasp",
    author = "Robert Fischer and Michael Lutonsky",
    addendum = "(дата обращения 05.05.2022)",
}

@book{parsing,
  title={Parsing techniques: a practical guide},
  author={Grune, Dick and Jacobs, Ceriel JH},
  year={2007},
  publisher={Springer Science \& Business Media}
}

@online{dockercompose,
    url = "https://docs.docker.com/compose/",
    title = "Overview of Docker Compose",
    addendum = "(дата обращения 12.05.2022)",
}

@online{prometheus,
    url = "https://prometheus.io/",
    title = "Prometheus --- Monitoring system and time series database",
    addendum = "(дата обращения 12.05.2022)",
}
